<?xml version="1.0" encoding="UTF-8"?><collection xmlns="http://www.loc.gov/MARC21/slim"><record><leader>00475nam--2200169-i-4500</leader><controlfield tag="001">000044295</controlfield><controlfield tag="002">20161230</controlfield><controlfield tag="005">20161230201044</controlfield><controlfield tag="008">060222s1000------------r-----000-0-eng-d</controlfield><datafield ind1=" " ind2=" " tag="040"><subfield code="a">IFIN-HH</subfield></datafield><datafield ind1="1" ind2=" " tag="100"><subfield code="a">Moore,F.K</subfield></datafield><datafield ind1="1" ind2="0" tag="245"><subfield code="a">Theory of laminar flows</subfield><subfield code="c">F.K. MOORE (Ed.)</subfield></datafield><datafield ind1=" " ind2=" " tag="260"><subfield code="a">Princeton, N.J., Princeton Univ.Press, 1964,</subfield></datafield><datafield ind1=" " ind2=" " tag="300"><subfield code="a">XV+869P</subfield></datafield><datafield ind1=" " ind2=" " tag="490"><subfield code="a">High Speed Aerodynamics And Jet Propulsion</subfield><subfield code="v">Vol. IV</subfield></datafield><datafield ind1=" " ind2=" " tag="852"><subfield code="a">24446</subfield><subfield code="c">532</subfield></datafield><datafield ind1=" " ind2=" " tag="CAT"><subfield code="a">Sys</subfield><subfield code="c">20100713</subfield><subfield code="h">153033</subfield></datafield></record></collection>